
@book{GP_Koza92,
    author  = {J. R. Koza},
    title   = {Genetic Programming: On the programming of computers by means of natural selection},
    publisher   = {MIT Press},
    year    = 1992,
    address = {Cambridge, MA},
}

@book{GAs_Michalewicz96,
	title = {Genetic Algorithms + Data Structures = Evolution Programs},
	author = {Zbigniew Michalewicz},
	publisher = {Springer},
	edition= "Third",
	year = {1996}
}

@book{GA_Goldberg89,
  author = 	 "David E. Goldberg",
  title = 	 "Genetic Algorithms in search, optimization and
		  machine learning",
  publisher = 	 "Addison Wesley",
  year = 	 1989
}


@BOOK{FSM_Booth,
	AUTHOR       = "Taylor L. Booth",
	TITLE        = "Sequential Machines and Automata Theory",
	PUBLISHER    = "John Wiley and Sons, Inc.",
	YEAR         = "1967",
	ADDRESS      = "New York",
	EDITION      = "1st"
}

@article{laird2001using,
  title={{Using a computer game to develop advanced AI}},
  author={J. E. Laird},
  journal={Computer},
  pages={70--75},
  year={2001},
  publisher={IEEE Computer Society}
}

@INPROCEEDINGS{Agent_Smith_CEC2009,
title={Agent {S}mith: Towards an evolutionary rule-based agent for interactive dynamic games},
author={R. Small and C. Bates-Congdon},
booktitle={Evolutionary Computation, 2009. CEC '09. IEEE Congress on},
year={2009},
month={May},
pages={660-666},
doi={10.1109/CEC.2009.4983008},
ISSN={}, }

@INPROCEEDINGS{Human-Agents_06,
title={Evolution of Human-Competitive Agents in Modern Computer Games},
author={Steffen Priesterjahn and Oliver Kramer and Alexander Weimer and Andreas Goebels},
booktitle={Congress on Computational Intelligence 2006. CEC'06. IEEE Congress on},
year={2006},
pages={777-784}
}

@article{NN_FPS_IEICE2006,
 author = {Cho, Byeong Heon and Jung, Sung Hoon and Seong, Yeong Rak and Oh, Ha Ryoung},
 title = {Exploiting Intelligence in Fighting Action Games Using Neural Networks},
 journal = {IEICE - Trans. Inf. Syst.},
 volume = {E89-D},
 number = {3},
 year = {2006},
 issn = {0916-8532},
 pages = {1249--1256},
 doi = {http://dx.doi.org/10.1093/ietisy/e89-d.3.1249},
 publisher = {Oxford University Press},
 address = {Oxford, UK},
 }

@INPROCEEDINGS{NN_botshumans_IJCNN2008,
title={Bots trained to play like a human are more fun},
author={Soni, B. and Hingston, P.},
booktitle={Neural Networks, 2008. IJCNN 2008. (IEEE World Congress on Computational Intelligence). IEEE International Joint Conference on},
year={2008},
month={June},
volume={},
number={},
pages={363-369},
doi={10.1109/IJCNN.2008.4633818},
ISSN={1098-7576}}

@InProceedings{Mora-Evo2010,
  author = 	 {Antonio Miguel Mora and  Ramón Montoya and  Juan Julián Merelo and  Pablo García Sánchez and  Pedro Angel Castillo and  Juan Luís Jiménez Laredo and  Ana Isabel Martínez and Anna Espacia},
  title = 	 {Evolving Bot s AI in Unreal},
  crossref = {dichio:2010:evoapplications},
  pages = {170-179},
  year = 	 2010}

@Proceedings{dichio:2010:evoapplications,
 booktitle =        "Applications of Evolutionary Computing, Part I",
 year =         "2010",
 editor =  "Cecilia Di Chio  and Stefano Cagnoni and Carlos Cotta and Marc Ebner
 and Anik\'{o} Ek\'{a}rt and Anna I Esparcia-Alc\'{a}zar and Chi-Keong Goh and JJ Merelo  and Ferrante Neri and Mike Preuss  and Julian Togelius and Georgios N Yannakakis",
 series =       "Lecture Notes in Computer Science",
 PUBLISHER={Springer-Verlag},
 volume =       "6024",
 address =      "Istanbul, Turkey",
 month =        "7 - 9 " # apr,
 note =        "EvoApplications2010 to be held in conjunction with  EuroGP'2010, EvoCOP2010 and EvoBIO2010. To appear."
}

@inproceedings{EvolFFSM_gecco2010,
  author    = {Anna Isabel Esparcia-Alc{\'a}zar and
               Ana\'{\i}s Mart\'{\i}nez-Garc\'{\i}a and
               Antonio Miguel Mora and
               Juan Juli{\'a}n Merelo Guerv{\'o}s and
               Pablo Garc\'{\i}a-S{\'a}nchez},
  title     = {Genetic evolution of fuzzy finite state machines to control
               bots in a first-person shooter game},
  booktitle = {GECCO},
  year      = {2010},
  pages     = {829-830},
  ee        = {http://doi.acm.org/10.1145/1830483.1830633},
  crossref  = {gecco2010}
}

@proceedings{gecco2010,
  editor    = {Martin Pelikan and
               J{\"u}rgen Branke},
  title     = {Genetic and Evolutionary Computation Conference, GECCO 2010,
               Proceedings, Portland, Oregon, USA, July 7-11, 2010},
  booktitle = {GECCO},
  publisher = {ACM},
  year      = {2010},
  isbn      = {978-1-4503-0072-5}
}

@inproceedings{ControllingBot_CEC2010,
  author    = {Anna Isabel Esparcia-Alc{\'a}zar and
               Ana Isabel Mart\'{\i}nez Garc\'{\i}a and
               Antonio Mora and
               Juan Juli{\'a}n Merelo Guerv{\'o}s and
               Pablo Garc\'{\i}a-S{\'a}nchez},
  title     = {Controlling bots in a First Person Shooter game using genetic
               algorithms},
  booktitle = {IEEE Congress on Evolutionary Computation},
  year      = {2010},
  pages     = {1-8},
  ee        = {http://dx.doi.org/10.1109/CEC.2010.5586059},
  crossref  = {cec2010}
}

@proceedings{cec2010,
  title     = {Proceedings of the IEEE Congress on Evolutionary Computation,
               CEC 2010, Barcelona, Spain, 18-23 July 2010},
  booktitle = {IEEE Congress on Evolutionary Computation},
  publisher = {IEEE},
  year      = {2010}
}

@INPROCEEDINGS{cooperativebots_CIG2010,
    title={Evolving the Cooperative Behaviour in {Unreal}\texttrademark~ Bots},
    author={Antonio Miguel Mora and  Miguel Ángel Moreno and Juan Julián Merelo and  Pedro Angel Castillo and Maria Isabel García Arenas and Juan Luís Jiménez Laredo},
    booktitle={Computational Intelligence and Games, 2010. CIG 2010. IEEE Symposium On},
    year={2010},
    month={August},
    editor={Georgios N. Yannakakis and Julian Togelius},
    volume={},
    number={},
    pages={241-248}
}

@INPROCEEDINGS{schrummiikkuCIG09,
    title={Evolving Multi-modal Behavior in {NPC}s},
    author={Jacob Schrum and Risto Miikkulainen},
    booktitle={Computational Intelligence and Games, 2009. CIG 2009. IEEE Symposium On},
    year={2009},
    month={Sept.},
    volume={},
    number={},
    pages={325-332},
    doi={ },
    ISSN={} }

@INPROCEEDINGS{colomiCEC2004,
title={Using a genetic algorithm to tune first-person shooter bots},
author={Cole, N. and Louis, S.J. and Miles, C.},
booktitle={Evolutionary Computation, 2004. CEC2004. Congress on},
year={2004},
month={June},
volume={1},
number={},
pages={ 139-145 Vol.1},
doi={10.1109/CEC.2004.1330849},
ISSN={ }, }

@INPROCEEDINGS{mcpargalCIG2008,
title={Creating a multi-purpose first person shooter bot with reinforcement learning},
author={McPartland, M. and Gallagher, M.},
booktitle={Computational Intelligence and Games, 2008. CIG '08. IEEE Symposium On},
year={2008},
month={Dec.},
volume={},
number={},
pages={143-150},
doi={10.1109/CIG.2008.5035633},
ISSN={}, }

@inproceedings{hongchoCIG2005,
  author    = {Jin-Hyuk Hong and
               Sung-Bae Cho},
  title     = {Evolving Reactive {NPC}s for the Real-Time Simulation Game},
  booktitle = {Proceedings of the 2005 IEEE Symposium on Computational
               Intelligence and Games (CIG05)},
  location = {  Essex University, Colchester, Essex, UK},
  month = {4-6 April},
  year      = {2005}
}

@Article         {falke2003,
        author = {W.J. Falke-II and P. Ross},
         title = {{Dynamic Strategies in a Real-Time Strategy Game}},
       journal = {E. Cantu-Paz et al. (Eds.): GECCO 2003, LNCS 2724, pp. 1920-1921, Springer-Verlag Berlin Heidelberg},
          year = 2003
}
@Article         {buro2003,
        author = {M. Buro},
         title = {{ORTS: A hack-free RTS game environment}},
       journal = {CG2002. LNCS2883. pp.280-291. J. Schaeffer et al (Eds.). Springer-Verlag Berlin Heidelberg},
          year = 2003
}
@incollection {ontanon2007,
   author = {Ontanon, Santiago and Mishra, Kinshuk and Sugandh, Neha and Ram, Ashwin},
   affiliation = {CCL, Cognitive Computing Lab, Georgia Institute of Technology, Atlanta, GA 303322/0280},
   title = {Case-Based Planning and Execution for Real-Time Strategy Games},
   booktitle = {Case-Based Reasoning Research and Development},
   series = {Lecture Notes in Computer Science},
   editor = {Weber, Rosina and Richter, Michael},
   publisher = {Springer Berlin / Heidelberg},
   isbn = {},
   pages = {164-178},
   volume = {4626},
   year = {2007}
}
@Article         {webGAIC,
        author = {Google},
         title = {{Google AI Challenge 2010}},
       journal = {http://ai-contest.com},
          year = 2010
}
@Article         {webGALCON,
        author = {Galcon},
         title = {{Planet Wars}},
       journal = {http://www.galcon.com/flash/},
          year = 2010
}
@Article         {webDOOM,
        author = {ID Software},
         title = {{DOOM, video game}},
       journal = {http://en.wikipedia.org/wiki/Doom\_(video\_game)},
          year = 1993
}
@ARTICLE{Herrera03ataxonomy, 
author = {F. Herrera and M. Lozano and A. M. Sánchez}, 
title = {A taxonomy for the crossover operator for real-coded genetic algorithms: An experimental study}, 
journal = {International Journal of Intelligent Systems}, 
year = {2003}, 
volume = {18}, 
pages = {309--338} 
}
@Book{EvoCompII, 
title = {Evolutionary Computation 2: Advanced Algorithms and Operations}, 
publisher = {Taylor and Francis; 1st edition}, 
year = {2000}, 
editor = {Thomas Back and D. B. Fogel and Z. Michalewicz}, 
edition = {1}, 
isbn = {978-0750306652}, 
} 
@Book{EvoCompI, 
title = {Evolutionary Computation 1: Basic Algorithms and Operators}, 
publisher = {Taylor and Francis; 1st edition}, 
year = {2000}, 
editor = {Thomas Back and D. B. Fogel and Z. Michalewicz}, 
edition = {1}, 
isbn = {978-0750306645}, 
} 
@Book{Michalewicz92,
  author =    "Z. Michalewicz",
  title =     "Genetic Algorithms + Data Structures = Evolution Programs",
  publisher = "Springer-Verlag",
  year =      1992
}

@Book{Michalewicz96,
  author =    "Z. Michalewicz",
  title =     "Genetic Algorithms + Data Structures = Evolution
		  Programs , Third, Extended Edition",
  publisher = "Springer-Verlag",
  year =      1996
}


@Book{MelanieMitchell98,
  author =    "Melanie Mitchell",
  title =     "An Introduction to Genetic Algorithms (Complex Adaptive Systems) ",
  publisher = "The MIT Press",
  isbn = "978-0262631853",
  year =      1998
}
@Book{Michalewicz2004,
  author =    "Z. Michalewicz and D.B. Fogel",
  title =     "How to Solve It: Modern Heuristics",
  edition= "2",
  publisher = "Springer-Verlag",
  isbn = "978-3540660613",
  year =      2004
}

@Article         {XXX,
        author = {autor},
         title = {{titulo}},
       journal = {cita},
          year = 1994
}

 @misc{wiki:galcon,
   author = "Wikipedia",
   title = "Galcon --- {Wikipedia{,} The Free Encyclopedia}",
   year = "2010",
   url = "\url{http://en.wikipedia.org/w/index.php?title=Galcon&oldid=399245028}",
   note = "[Online; accessed 2-December-2010]"
 }

@article{smithusing,
  title={{Using Co-evolved RTS Opponents to Teach Spatial Tactics}},
  author={Smith, G. and Avery, P. and Houmanfar, R. and Louis, S.},
  booktitle={IEEE-CIG 2010 online proceedings},
pages = {146--153},
 url ={http://game.itu.dk/cig2010/proceedings/papers/cig10_019_104.pdf}

}

@conference{avery2010coevolving,
  title={{Coevolving team tactics for a real-time strategy game}},
  author={Avery, P. and Louis, S.},
  booktitle={Proceedings of the 2010 IEEE Congress on Evolutionary Computation},
year = 2010
}
